{
  "leader": "02377cam a2200637 i 4500",
  "fields": [
    {
      "001": "ocm02523571\\"
    },
    {
      "003": "OCoLC"
    },
    {
      "005": "20211008152244.0"
    },
    {
      "008": "761001s1976\\\\\\\\maua\\\\\\\\\\b\\\\\\\\001\\0\\eng\\\\"
    },
    {
      "007": "ta"
    },
    {
      "010": {
        "ind1": "\\",
        "ind2": "\\",
        "subfields": [
          {
            "a": "   76047792 "
          }
        ]
      }
    },
    {
      "040": {
        "ind1": "\\",
        "ind2": "\\",
        "subfields": [
          {
            "a": "DLC"
          },
          {
            "b": "eng"
          },
          {
            "c": "DLC"
          },
          {
            "d": "UKM"
          },
          {
            "d": "EL{dollar}"
          },
          {
            "d": "MUQ"
          },
          {
            "d": "NLM"
          },
          {
            "d": "NLGGC"
          },
          {
            "d": "BAKER"
          },
          {
            "d": "BTCTA"
          },
          {
            "d": "CUY"
          },
          {
            "d": "AU@"
          },
          {
            "d": "BDX"
          },
          {
            "d": "OCLCO"
          },
          {
            "d": "OCLCF"
          },
          {
            "d": "OCLCQ"
          },
          {
            "d": "CNUTO"
          },
          {
            "d": "OCLCQ"
          },
          {
            "d": "OCLCO"
          },
          {
            "d": "OCLCA"
          },
          {
            "d": "CPO"
          },
          {
            "d": "OCLCQ"
          },
          {
            "d": "DCHUA"
          },
          {
            "d": "WURST"
          },
          {
            "d": "U3G"
          },
          {
            "d": "UKBTH"
          },
          {
            "d": "OCLCQ"
          },
          {
            "d": "L2U"
          }
        ]
      }
    },
    {
      "016": {
        "ind1": "7",
        "ind2": "\\",
        "subfields": [
          {
            "a": "7701695"
          },
          {
            "2": "DNLM"
          }
        ]
      }
    },
    {
      "019": {
        "ind1": "\\",
        "ind2": "\\",
        "subfields": [
          {
            "a": "16368436"
          },
          {
            "a": "53954972"
          },
          {
            "a": "1086733795"
          },
          {
            "a": "1155396620"
          }
        ]
      }
    },
    {
      "020": {
        "ind1": "\\",
        "ind2": "\\",
        "subfields": [
          {
            "a": "0262070677"
          }
        ]
      }
    },
    {
      "020": {
        "ind1": "\\",
        "ind2": "\\",
        "subfields": [
          {
            "a": "9780262070676"
          }
        ]
      }
    },
    {
      "035": {
        "ind1": "\\",
        "ind2": "\\",
        "subfields": [
          {
            "a": "(OCoLC)2523571"
          },
          {
            "z": "(OCoLC)16368436"
          },
          {
            "z": "(OCoLC)53954972"
          },
          {
            "z": "(OCoLC)1086733795"
          },
          {
            "z": "(OCoLC)1155396620"
          }
        ]
      }
    },
    {
      "041": {
        "ind1": "0",
        "ind2": "\\",
        "subfields": [
          {
            "a": "eng"
          },
          {
            "b": "eng"
          }
        ]
      }
    },
    {
      "050": {
        "ind1": "0",
        "ind2": "0",
        "subfields": [
          {
            "a": "RG136"
          },
          {
            "b": ".G68"
          }
        ]
      }
    },
    {
      "055": {
        "ind1": "0",
        "ind2": "3",
        "subfields": [
          {
            "a": "RG136"
          },
          {
            "b": "G68"
          }
        ]
      }
    },
    {
      "060": {
        "ind1": "0",
        "ind2": "0",
        "subfields": [
          {
            "a": "WQ 205"
          },
          {
            "b": "R428 1976"
          }
        ]
      }
    },
    {
      "080": {
        "ind1": "0",
        "ind2": "\\",
        "subfields": [
          {
            "a": "613.888"
          }
        ]
      }
    },
    {
      "082": {
        "ind1": "0",
        "ind2": "4",
        "subfields": [
          {
            "a": "613.9"
          },
          {
            "b": "GRE"
          }
        ]
      }
    },
    {
      "100": {
        "ind1": "1",
        "ind2": "\\",
        "subfields": [
          {
            "a": "Greep, Roy Orval,"
          },
          {
            "d": "1905-"
          }
        ]
      }
    },
    {
      "245": {
        "ind1": "1",
        "ind2": "0",
        "subfields": [
          {
            "a": "Reproduction and human welfare :"
          },
          {
            "b": "a challenge to research : a review of the reproductive sciences and contraceptive development /"
          },
          {
            "c": "sponsored by the Ford Foundation ; Roy O. Greep, Marjorie A. Koblinsky, Frederick S. Jaffe."
          }
        ]
      }
    },
    {
      "260": {
        "ind1": "\\",
        "ind2": "\\",
        "subfields": [
          {
            "a": "Cambridge :"
          },
          {
            "b": "MIT Press,"
          },
          {
            "c": "\u00a91976."
          }
        ]
      }
    },
    {
      "300": {
        "ind1": "\\",
        "ind2": "\\",
        "subfields": [
          {
            "a": "xx, 622 pages :"
          },
          {
            "b": "illustrations ;"
          },
          {
            "c": "23 cm"
          }
        ]
      }
    },
    {
      "336": {
        "ind1": "\\",
        "ind2": "\\",
        "subfields": [
          {
            "a": "text"
          },
          {
            "b": "txt"
          },
          {
            "2": "rdacontent"
          }
        ]
      }
    },
    {
      "337": {
        "ind1": "\\",
        "ind2": "\\",
        "subfields": [
          {
            "a": "unmediated"
          },
          {
            "b": "n"
          },
          {
            "2": "rdamedia"
          }
        ]
      }
    },
    {
      "338": {
        "ind1": "\\",
        "ind2": "\\",
        "subfields": [
          {
            "a": "volume"
          },
          {
            "b": "nc"
          },
          {
            "2": "rdacarrier"
          }
        ]
      }
    },
    {
      "504": {
        "ind1": "\\",
        "ind2": "\\",
        "subfields": [
          {
            "a": "Includes bibliographical references and indexes."
          }
        ]
      }
    },
    {
      "650": {
        "ind1": "\\",
        "ind2": "0",
        "subfields": [
          {
            "a": "Contraception"
          },
          {
            "x": "Research."
          }
        ]
      }
    },
    {
      "650": {
        "ind1": "\\",
        "ind2": "0",
        "subfields": [
          {
            "a": "Human reproduction"
          },
          {
            "x": "Research."
          }
        ]
      }
    },
    {
      "650": {
        "ind1": "\\",
        "ind2": "0",
        "subfields": [
          {
            "a": "Contraceptives"
          },
          {
            "x": "Research."
          }
        ]
      }
    },
    {
      "650": {
        "ind1": "\\",
        "ind2": "7",
        "subfields": [
          {
            "a": "Contraception"
          },
          {
            "x": "Research."
          },
          {
            "2": "fast"
          },
          {
            "0": "(OCoLC)fst00876837"
          }
        ]
      }
    },
    {
      "650": {
        "ind1": "\\",
        "ind2": "7",
        "subfields": [
          {
            "a": "Contraceptives"
          },
          {
            "x": "Research."
          },
          {
            "2": "fast"
          },
          {
            "0": "(OCoLC)fst00876868"
          }
        ]
      }
    },
    {
      "650": {
        "ind1": "\\",
        "ind2": "7",
        "subfields": [
          {
            "a": "Human reproduction"
          },
          {
            "x": "Research."
          },
          {
            "2": "fast"
          },
          {
            "0": "(OCoLC)fst00963250"
          }
        ]
      }
    },
    {
      "650": {
        "ind1": "\\",
        "ind2": "2",
        "subfields": [
          {
            "a": "Contraception."
          }
        ]
      }
    },
    {
      "650": {
        "ind1": "\\",
        "ind2": "2",
        "subfields": [
          {
            "a": "Family Planning Services."
          }
        ]
      }
    },
    {
      "650": {
        "ind1": "\\",
        "ind2": "2",
        "subfields": [
          {
            "a": "Reproduction."
          }
        ]
      }
    },
    {
      "653": {
        "ind1": "0",
        "ind2": "0",
        "subfields": [
          {
            "a": "contraceptie"
          }
        ]
      }
    },
    {
      "653": {
        "ind1": "0",
        "ind2": "0",
        "subfields": [
          {
            "a": "contraception"
          }
        ]
      }
    },
    {
      "653": {
        "ind1": "0",
        "ind2": "0",
        "subfields": [
          {
            "a": "gezinsplanning"
          }
        ]
      }
    },
    {
      "653": {
        "ind1": "0",
        "ind2": "0",
        "subfields": [
          {
            "a": "family planning"
          }
        ]
      }
    },
    {
      "653": {
        "ind1": "0",
        "ind2": "0",
        "subfields": [
          {
            "a": "voortplanting"
          }
        ]
      }
    },
    {
      "653": {
        "ind1": "0",
        "ind2": "0",
        "subfields": [
          {
            "a": "reproduction"
          }
        ]
      }
    },
    {
      "653": {
        "ind1": "1",
        "ind2": "0",
        "subfields": [
          {
            "a": "Public Health"
          }
        ]
      }
    },
    {
      "653": {
        "ind1": "2",
        "ind2": "0",
        "subfields": [
          {
            "a": "Reproduction and Fertility"
          }
        ]
      }
    },
    {
      "653": {
        "ind1": "1",
        "ind2": "0",
        "subfields": [
          {
            "a": "Volksgezondheid"
          }
        ]
      }
    },
    {
      "653": {
        "ind1": "2",
        "ind2": "0",
        "subfields": [
          {
            "a": "Voortplanting en vruchtbaarheid"
          }
        ]
      }
    },
    {
      "700": {
        "ind1": "1",
        "ind2": "\\",
        "subfields": [
          {
            "a": "Koblinsky, Marjorie A.,"
          },
          {
            "e": "author."
          }
        ]
      }
    },
    {
      "700": {
        "ind1": "1",
        "ind2": "\\",
        "subfields": [
          {
            "a": "Jaffe, Frederick S.,"
          },
          {
            "e": "author."
          }
        ]
      }
    },
    {
      "710": {
        "ind1": "2",
        "ind2": "\\",
        "subfields": [
          {
            "a": "Ford Foundation."
          }
        ]
      }
    },
    {
      "994": {
        "ind1": "\\",
        "ind2": "\\",
        "subfields": [
          {
            "a": "Z0"
          },
          {
            "b": "NYRVC"
          }
        ]
      }
    },
    {
      "948": {
        "ind1": "\\",
        "ind2": "\\",
        "subfields": [
          {
            "h": "NO HOLDINGS IN NYRVC - 458 OTHER HOLDINGS"
          }
        ]
      }
    },
    {
      "999": {
        "ind1": "\\",
        "ind2": "\\",
        "subfields": [
          {
            "a": "00000000017323"
          }
        ]
      }
    }
  ]
}